@article{zan,
  title={Molecular verification and characterization of BYDV-resistant germ plasms derived from hybrids of wheat with Thinopyrum ponticum and Th. intermedium},
  author={Zhang, XY and Koul, A and Petroski, R and Ouellet, T and Fedak, G and Dong, YS and others},
  journal={Theoretical and Applied Genetics},
  volume={93},
  number={7},
  pages={1033--1039},
  year={1996},
  publisher={Springer}
}